<record><leader>00000cas a2200000 a 4500</leader><controlfield tag="001">11907146</controlfield><controlfield tag="008">850411d18uu18uupauwr ne      0    0eng c</controlfield><datafield ind1=" " ind2=" " tag="010"><subfield code="a">sn 85025805 </subfield></datafield><datafield ind1=" " ind2=" " tag="040"><subfield code="a">NPX</subfield><subfield code="b">eng</subfield><subfield code="c">NPX</subfield><subfield code="d">NPH</subfield><subfield code="d">NVF</subfield><subfield code="d">OCLCQ</subfield></datafield><datafield ind1=" " ind2=" " tag="042"><subfield code="a">pcc</subfield></datafield><datafield ind1="0" ind2="0" tag="245"><subfield code="a">Cummings' Philadelphia bulletin.</subfield></datafield><datafield ind1="1" ind2="3" tag="246"><subfield code="a">Philadelphia bulletin</subfield></datafield><datafield ind1="1" ind2="3" tag="246"><subfield code="a">Weekly bulletin</subfield></datafield><datafield ind1=" " ind2=" " tag="260"><subfield code="a">Philadelphia [Pa.] :</subfield><subfield code="b">A. Cummings</subfield></datafield><datafield ind1=" " ind2=" " tag="300"><subfield code="a">v.</subfield></datafield><datafield ind1=" " ind2=" " tag="310"><subfield code="a">Weekly</subfield></datafield><datafield ind1=" " ind2=" " tag="500"><subfield code="a">"Independent."</subfield></datafield><datafield ind1=" " ind2=" " tag="580"><subfield code="a">Daily eds.: Cummings' evening telegraphic bulletin, and: Cummings' evening bulletin.</subfield></datafield><datafield ind1=" " ind2=" " tag="580"><subfield code="a">Semiweekly ed.: Philadelphia evening bulletin (Philadelphia, Pa. : 1850).</subfield></datafield><datafield ind1=" " ind2=" " tag="588"><subfield code="a">Description based on: Vol. 3, no. 24 (Mar. 16, 1851).</subfield></datafield><datafield ind1="1" ind2=" " tag="700"><subfield code="a">Cummings, Alexander.</subfield></datafield><datafield ind1=" " ind2=" " tag="752"><subfield code="a">United States</subfield><subfield code="b">Pennsylvania</subfield><subfield code="c">Philadelphia</subfield><subfield code="d">Philadelphia.</subfield></datafield><datafield ind1="1" ind2=" " tag="775"><subfield code="t">Cummings' evening telegraphic bulletin</subfield><subfield code="w">(DLC)sn 85054707</subfield></datafield><datafield ind1="1" ind2=" " tag="775"><subfield code="t">Cummings' evening bulletin</subfield><subfield code="w">(DLC)sn 85025804</subfield></datafield><datafield ind1="1" ind2=" " tag="775"><subfield code="t">Philadelphia evening bulletin (Philadelphia, Pa. : 1850)</subfield><subfield code="w">(DLC)sn 85025806</subfield></datafield></record>